@book{abb,
	author={Abbott, Stephen},
	title={Understanding Analysis},
	editor={Sheldon Axler and Kenneth Ribet},
	edition={2nd ed.},
	publisher={Springer},
	year={2016}
}
@book{chk,
	author={Cheny, Ward and David Kincaid},
	title={Numerical Mathematics and Computing},
	edition={6th ed.},
	publisher={Thomson Brooks/Cole},
	year={2008}
}
@book{dxu,
	author={Dunkl, Charles K. and Yuan Xu},
	title={Orthogonal Polynomials of Several Variables},
	publisher={Cambridge University Press},
	year={2001}
}
@book{lay,
	author={Lay, David C.},
	title={Linear Algebra and Its Applications},
	editor={Steven R. Lay and Judi J. McDonald},
	edition={5th ed.},
	publisher={Pearson},
	year={2016}
}
@book{phl,
	author={Philip, Davis J.},
	title={Interpolation and Approximation},
	edition={Dover ed.},
	publisher={Blaisdell Publishing},
	year={1975}
}
@book{oxu1,
	author={Olver, Sheehan and Yuan Xu},
	title={Orthogonal Structure on a Wedge and on the Boundary of a Square},
	year={2017},
	month={10},
	day={24},
	url={arxiv.org/abs/1710.08654}
}
@book{oxu2,
	author={Olver, Sheehan and Yuan Xu},
	title={Orthogonal Structure on a Quadratic Curve},
	year={2018},
	month={7},
	day={11},
	url={arxiv.org/pdf/1807.04195.pdf}
}
@book{stw,
	author={Stewart, James},
	title={Multivariable Calculus},
	editor={Liz Covello et al.},
	edition={7th ed.},
	publisher={Brooks/Cole},
	year={2012}
}
@book{sze,
	author={Szeg\"o, Gabor},
	title={Orthogonal Polynomials},
	volume={XXIII},
	publisher={Colloquium Publications and American Mathematical Society Providence},
	year={1939}
}
@incollection{yxu,
	author={Xu, Yuan},
	title="Orthogonal Polynomials of Several Variables",
	booktitle="Multivariable Special Functions",
	volume={2},
	publisher={Askey-Bateman Project},
	year={2017}
}
